1837 2786
339 230 396 286 ꝰ0
336 335 1696 382 eröffnete er ein Feuer, wie es die ältesten Soldaten nicht erlebt hatten;
337 373 1696 428 dann ließ er fünf Divisionen seines Fußvolkes, unterstützt von einigen
336 417 1697 479 Reiterregimentern, gleichzeitig angreifen. Schon wankte das österreichische
339 461 1697 518 Regiment Zach, als Erzherzog Karl persönlich die Fahne des Regiments
337 506 1696 564 ergriff und es wieder gegen den Feind führte. Der Angriff wurde zurück-
340 551 1697 614 geschlagen. Auch Aspern, dessen sich die Franzosen am frühen Morgen
340 595 1697 650 bemächtigt hatten, wurde ihnen wieder entrissen. Die Donaubrücke war
340 636 1697 702 gleichzeitig durch brennende Schiffsmühlen und mit Steinen beladene Schiffe,
342 685 1699 738 welche die Osterreicher den Strom hinabschwimmen ließen, von neuem
339 727 1700 783 zerstört worden. Napoleon mußte den Rückzug anordnen. Er selbst ritt
339 770 1700 826 auf die Lobau zurück, müde, stumm und bleich. Um Mitternacht fuhr er
340 814 1691 872 auf einem Kahn nach Kaiser-Ebersdorf, wo er sich im sogenannten, Schl6ßl ‟
342 859 1702 917 auf das Stroh legte und in einen totähnlichen Schlaf verfiel, der 36 Stunden
342 914 1702 959 dauerte; schon berieten seine Generale, was zu tun wäre, wenn er nicht
342 948 1703 1004 mehr erwachte. Der Zauber seiner Unbesiegbarkeit war dahin;
342 993 1703 1050 Erzherzog Karl wurde mit Recht gefeiert als , die Stütze des Thrones, der
342 1038 1703 1094 Retter des Vaterlandes. ‟ Auch Napoleon, der früher Osterreich und sein
343 1083 1703 1139 Heer mit Hohn überschüttet, sprach von da mit Achtung von ihm;
343 1125 1705 1184 einem seiner Generale, der die Schlacht bei Aspern nicht mitgemacht hatte
343 1170 1706 1225 und sich wunderte, daß Napoleon Osterreich so milde behandelt habe,
343 1216 1706 1276 erwiderte er: „Ihr urteilt wie ein Blinder von der Farbe: Ihr habt die
345 1259 1705 1317 Osterreicher bei Aspern nicht gesehen, also habt Ihr nichts gesehen. ‟ Der
346 1304 1705 1360 Sieg war freilich teuer erkauft; ein Drittel der Osterreicher war tot oder
348 1351 1706 1405 verwundet. Ein ruhender Löwe vor der Kirche zu Aspern erinnert an die
348 1394 1708 1458 gefallenen Helden; dem ruhmreichen Sieger von Aspern, Erzherzog Karl,
346 1439 1708 1493 ließ Kaiser Franz Josef I. von der Meisterhand Fernkorns auf dem
346 1484 1709 1546 Platze vor der Hofburg das in Fig. 20 abgebildete Reiterdenkmal errichten.
450 1541 1709 1600 Nicht minder ruhmvoll wurde um dieselbe Zeit in Tirol ge-
346 1594 1709 1657 kämpft. Von Norden und Süden drangen die Feinde ins Land,
348 1649 1711 1710 schon war auch Innsbruck wieder in ihren Händen, als Hofer und
346 1702 1711 1759 seine Bauern sich erhoben und die Feinde zum zweiten Male
353 1772 579 1817 vertrieben.
452 1820 1711 1875 Die Bavern und Franzosen verübten, als sie wieder in Tirol ein-
348 1865 1713 1922 drangen, die abscheulichsten Gewalttaten. Ihr Anführer befahl, jeden Tiroler,
348 1909 1711 1970 der mit den Waffen in der Hand betroffen würde, wie einen „Räuber‟ zu
350 1954 1709 2012 erschießen; würde irgendwo ein französischer oder bayrischer Soldat ge-
350 1999 1709 2058 tötet, so sollten alle Bauernhöfe der ganzen Gegend angezündet, die vor-
350 2044 1711 2101 nehmsten Männer in ihr gehenkt werden. Als auch Innsbruck von den
350 2089 1713 2152 Feinden besetzt war, glaubten diese bereits, Tirol sei unterworfen, das
357 2132 1713 2197 „Bauernspiel‟ zu Ende. Da erschien Hofer mit seinen Bauern aus dem
351 2182 1713 2239 Passcier- und Pustertal und einigen hundert österreichischen Soldaten und
350 2222 1709 2282 lieferte, vom Brenner herabsteigend, dem Feinde eine regelrechte Schlach⸗
350 2269 1713 2324 am Iselberge (südlich von Innsbruck). Um nicht gefangen zu werden,
351 2318 1714 2371 räumte der französische General zuerst Innsbruck, dann auch Nordtirol;
351 2355 1713 2417 ebenso erkämpften gleichzeitig auch Südtirol und Vorarlberg ihre Freiheit
356 2419 494 2464 wieder.
