1845 2785
1407 2443 1472 2488 28
1438 175 1511 227 1ꝰ
153 284 1517 356 Beispiele eines älteren Bruders folgend, nach Osterreich. Als er den Boden
153 330 1518 394 Frankreichs verließ, soll er geschworen haben, nie mehr dahin zurückzu-
153 375 1520 443 kehren, es wäre denn als Feind, mit dem Degen in der Faust. Sein Bruder
153 419 1521 483 fiel in einem Gefechte kurz vor der zweiten Belagerung Wiens. Eugen
153 465 1522 533 kämpfte schon in der Schlacht, welche zur Befreiung Wiens geschlagen
153 509 1524 575 wurde, mit, erhielt bald darauf den Befehl über das Dragonerregiment,
154 554 1525 616 welches noch heute den Namen „Savoyen-Dragoner‟ führt, und zeichnete
154 599 1526 659 sich unter anderem auch bei dem Kampfe um Ofen aus, in welchem er ver-
154 655 590 703 wundet wurde. Als
154 700 551 752 Oberfeldherr gegen
154 746 551 797 die Türken erregte er
154 789 552 843 anfangs durch seine
155 832 553 881 unansehnliche Gestalt
155 877 553 931 undKleidung die Spott-
155 921 554 975 lust der Truppen, wel-
155 966 555 1016 che ihn den,,kleinen
155 1010 555 1064 Kapuziner‟ nannten;
156 1054 556 1103 er führte aber im
156 1099 557 1154 Gegensatze zu seinen
156 1143 557 1199 Vorgängern die Trup-
156 1189 558 1245 pen sogleich dicht an
156 1234 558 1284 den Feind, was den
156 1277 559 1328 Mut der Seinigen be-
157 1322 560 1374 lebte, die Türken da-
157 1367 560 1421 gegen einschüchterte.
157 1410 561 1462 Die Abbildung Fig. 5
157 1456 562 1510 zeigt den Prinzen in
157 1499 562 1548 der damals üblichen
157 1545 563 1599 Allongeperücke, ge-
172 1590 546 1644 panzert und ge-
158 1634 564 1681 schmückt mit dem
158 1678 565 1726 Orden des Goldenen
158 1722 566 1775 Vlieses, den Feldherrn-
158 1767 566 1815 stab in der Rechten.
764 1900 1301 1940 Fig. 5. Prinz Eugen von Savoyen.
240 1816 570 1870 Als der Sul-
162 1870 574 1929 tan, welcher selbst
163 1923 612 1981 an der Spitze des
164 1965 1541 2030 türkischen Heeres stand, bei Zenta (südlich von der Marosmündung)
165 2021 1541 2084 die Theiß überschreiten wollte, um in Siebenbürgen einzudringen, zog
166 2075 1541 2144 ihm Eugen in größter Eile durch Sumpf und Wald nach, holte die
166 2129 1541 2192 Türken noch während des Uberganges ein, griff, obgleich es schon
167 2183 1541 2252 gegen Abend war, sofort an, erstürmte die Schanzen, welche die
168 2237 1541 2300 Türken zum Schutze des Uberganges errichtet hatten, bemächtigte
169 2291 1541 2352 sich der Brücke und vernichtete so in kaum zwei Stunden die
170 2346 1541 2405 eine Hälfte des türkischen Heeres, ohne daß die andere, welche,
171 2400 1403 2466 bereits jenseits des Flusses war, Hilfe bringen konnte (16ꝰ7).
