1837 2786
320 332 1728 390 eröffnete er ein Feuer, wie es die ältesten Soldaten nicht erlebt hatten;
320 379 1734 434 dann ließ er fünf Divisionen seines Fußvolkes, unterstützt von einigen
320 423 1734 483 Reiterregimentern, gleichzeitig angreifen. Schon wankte das österreichische
320 467 1734 529 Regiment Zach, als Erzherzog Karl persönlich die Fahne des Regiments
320 511 1723 573 ergriff und es wieder gegen den Feind führte. Der Angriff wurde zurück-
320 556 1734 617 geschlagen. Auch Aspern, dessen sich die Franzosen am frühen Morgen
320 600 1734 660 bemächtigt hatten, wurde ihnen wieder entrissen. Die Donaubrücke war
320 643 1734 708 gleichzeitig durch brennende Schiffsmühlen und mit Steinen beladene Schiffe,
320 690 1734 744 welche die Osterreicher den Strom hinabschwimmen ließen, von neuem
320 732 1734 790 zerstört worden. Napoleon mußte den Rückzug anordnen. Er selbst ritt
320 777 1734 834 auf die Lobau zurück, müde, stumm und bleich. Um Mitternacht fuhr er
320 817 1734 878 auf einem Kahn nach Kaiser-Ebersdorf, wo er sich im sogenannten, Schlößl‟
320 865 1734 923 auf das Stroh legte und in einen totähnlichen Schlaf verfiel, der 36 Stunden
320 909 1734 968 dauerte; schon berieten seine Generale, was zu tun wäre, wenn er nicht
320 954 1734 1010 mehr erwachte. Der Zauber seiner Unbesiegbarkeit war dahin;
320 998 1734 1059 Erzherzog Karl wurde mit Recht gefeiert als, die Stütze des Thrones, der
320 1042 1734 1099 Retter des Vaterlandes. ‟ Auch Napoleon, der früher Osterreich und sein
320 1087 1734 1145 Heer mit Hohn überschüttet, sprach von da mit Achtung von ihm;
320 1132 1734 1189 einem seiner Generale, der die Schlacht bei Aspern nicht mitgemacht hatte
320 1176 1734 1234 und sich wunderte, daß Napoleon Osterreich so milde behandelt habe,
320 1221 1734 1278 erwiderte er: „Ihr urteilt wie ein Blinder von der Farbe: Ihr habt die
320 1265 1734 1324 Osterreicher bei Aspern nicht gesehen, also habt Ihr nichts gesehen. ‟ Der
320 1310 1734 1375 Sieg war freilich teuer erkauft; ein Drittel der Osterreicher war tot oder
320 1355 1734 1411 verwundet. Ein ruhender Löwe vor der Kirche zu Aspern erinnert an die
320 1399 1734 1463 gefallenen Helden; dem ruhmreichen Sieger von Aspern, Erzherzog Karl,
320 1444 1734 1502 ließ Kaiser Franz Josef I. von der Meisterhand Fernkorns auf dem
320 1488 1734 1544 Platze vor der Hofburg das in Fig. 20 abgebildete Reiterdenkmal errichten.
336 236 415 284 ꝰ0
411 1823 1740 1888 Die Bayern und Franzosen verübten, als sie wieder in Tirol ein-
345 1869 1740 1934 drangen, die abscheulichsten Gewalttaten. Ihr Anführer befahl, jeden Tiroler,
345 1914 1740 1973 der mit den Waffen in der Hand betroffen würde, wie einen ,Räuber‟ zu
345 1960 1740 2019 erschießen; würde irgendwo ein französischer oder bayrischer Soldat ge-
345 2005 1739 2066 tötet, so sollten alle Bauernhöfe der ganzen Gegend angezündet, die vor-
345 2049 1740 2108 nehmsten Männer in ihr gehenkt werden. Als auch Innsbruck von den
345 2093 1740 2154 Feinden besetzt war, glaubten diese bereits, Tirol sei unterworfen, das
345 2138 1740 2201 „Bauernspiel zu Ende. Da erschien Hofer mit seinen Bauern aus dem
345 2182 1740 2242 Passeier- und Pustertal und einigen hundert österreichischen Soldaten und
345 2227 1740 2289 lieferte, vom Brenner herabsteigend, dem Feinde eine regelrechte Schlach⸗
345 2273 1740 2334 am Iselberge (südlich von Innsbruck). Um nicht gefangen zu werden,
345 2317 1740 2377 räumte der französische General zuerst Innsbruck, dann auch Nordtirol;
345 2361 1740 2426 ebenso erkämpften gleichzeitig auch Südtirol und Vorarlberg ihre Freiheit
345 2421 528 2466 wieder.
403 1549 1719 1608 Nicht minder ruhmvoll wurde um dieselbe Zeit in Tirol ge-
338 1598 1719 1668 kämpft. Von Norden und Süden drangen die Feinde ins Land,
338 1652 1719 1715 schon war auch Innsbruck wieder in ihren Händen, als Hofer und
338 1706 1719 1768 seine Bauern sich erhoben und die Feinde zum zweiten Male
338 1771 618 1820 vertrieben.
