1872 2786
1455 202 1549 254 151
249 954 1544 1007 Das Oberlandesgericht kann das Urteil des Landesgerichtes
180 998 1544 1062 bestätigen, aber auch ganz oder teilweise abändern. Oberlandes-
180 1050 1544 1114 gerichte bestehen in Wien, Graz, Innsbruck, Triest, Zara, Prag,
180 1108 852 1160 Brünn, Lemberg und Krakau.
183 311 1549 373 kommt dem Landesgerichte (Kreisgerichte) zu. (Für Handelsange-
183 362 1549 427 legenheiten gibt es besondere Handelsgerichte. ) In Strafsachen
183 416 1549 480 erfolgt die Rechtsprechung beim Landesgerichte unter Zuziehung
183 469 1549 528 von Geschworenen, d. i. von Männern aus dem Volke, welche
183 521 1549 583 durch ihren Wahrspruch (ihr Verdikt; sprich: Werdikt) zu ent-
183 576 1549 636 scheiden haben, ob der Angeklagte schuldig oder unschuldig sei
183 628 1549 691 (Schwurgerichte). Die Höhe der Strafe wird jedoch vom Gerichts-
183 680 1549 742 hofe selbst (von den sogenannten, gelehrten Richtern*) festgesetzt.
183 733 1549 796 Gegen das vom Landesgerichte gefällte Urteil kann sowohl von
183 787 1549 844 Seite des Staatsanwaltes als auch von Seite des Angeklagten
183 839 1549 904 Berufung an die nächsthöhere Instanz, das Oberlandesgericht, ein-
183 897 773 952 gelegt (appelliert) werden.
255 1164 1550 1222 Aber auch gegen das Urteil des Oberlandesgerichtes ist unter
183 1213 1550 1273 Umständen noch ein Rechtsmittel zulässig: die Berufung an den
183 1268 948 1322 Obersten Gerichtshof in Wien.
250 1779 1562 1833 Gerichtshöfe besonderer Art sind das Reichsgericht und
188 1827 1562 1889 der Verwaltungsgerichtshof. Das Reichsgericht entscheidet
188 1880 1562 1941 über Beschwerden wegen Verletzung politischer Rechte, 2. B. des
188 1932 1562 1994 Wahlrechtes, des Rechtes, Vereine zu bilden u. dgl. Der Ver-
188 1986 1562 2052 waltungsgerichtshof entscheidet über Beschwerden gegen Ver-
188 2042 1562 2107 fügungen von Verwaltungsbehörden, 2. B. eines Ministeriums, wenn
188 2096 1562 2156 diese Verfügungen keine politischen Angelegenheiten betreffen;
188 2148 1562 2209 hat die Beschwerde Erfolg, so wird die Verfügung der Verwaltungs-
188 2206 668 2259 behörde aufgehoben.
255 1324 1555 1375 Der Oberste Gerichtshof entscheidet insbesondere auch über sogenannte
190 1367 1555 1424 Nichtigkeitsbeschwerden. Die Nichtigkeitsbeschwerde kann erhoben werden
190 1412 1555 1462 wenn entweder bei dem früheren Gerichtsverfahren die Vorschriften der
190 1457 1555 1512 Prozeßordnung nicht beobachtet wurden, 2. B. Zeugen nicht vorgeladen
190 1502 1555 1556 wurden, welche hätten vorgeladen werden sollen, oder wenn die Gerichts-
190 1546 1555 1600 höfe der I. und II. Instanz das Gesetz unrichtig ausgelegt haben. Gibt der
190 1591 1555 1641 Oberste Gerichtshof der Beschwerde Folge, so hebt er das Urteil auf und
190 1636 1555 1689 befiehlt Wiederaufnahme des Verfahrens. Die Entscheidungen des Obersten
190 1681 1555 1733 Gerichtshofes sind namentlich für solche Falle, in denen die Auslegung
190 1726 1208 1778 des Gesetzes zweifelhaft ist, von größter Wichtigkeit.
252 2260 1562 2316 Das Gerichtswesen der ungarischen Länder hat eine
193 2308 1562 2370 ähnliche Einrichtung; der oberste ungarische Gerichtshof ist die
193 2358 1562 2427 königliche Kurie in Budapest. Außerdem gibt es einen eigenen
193 2417 1263 2473 höchsten Gerichtshof für Kroatien und Slavonien.
