1861 2816
467 1961 1722 2012 Maria Thereſia in Ungarn. Die ungariſche Königskrönung.
413 2001 1722 2057 Der Reichstag ʒu Preßburg. Siege der Oſterreicher über die Bayern.
416 2045 1722 2101 Rückʒug der Franʒoſen aus Böhmen. Abtretung Schleſiens. Kaiſerwahl
420 2093 912 2140 und Krönung Franʒ I.
405 203 485 255 ꝰ4
466 2242 1728 2306 Kaiſerin Maria Thereſia vor dem Kriege. Jm heldenmütigen
412 2288 1728 2358 Kampfe un ihr gutes Recht hatte die große Kaiſerin Maria Thereſia
412 2347 1728 2409 den größten Teil ihrer Erblande gegen die Heere faſt aller europäiſchen
412 2400 1728 2461 Staaten behauptet; nur ein einʒiges größeres Land hatte ſie ab⸗
797 2186 1336 2243 21. Der ſiebenjährige Krieg.
469 1493 1722 1551 Die pragmatiſche Sanktion. Ausſterben des habsburgiſchen Manns⸗
415 1539 1722 1593 ſtammes. Feſtſetʒung der weiblichen Thronfolge durch Kaiſer
416 1579 1722 1639 Karl VI. (Pragmatiſche Sanktion. ) Anerkennung derſelben durch
417 1628 816 1675 die Fürſten Europas.
468 1815 1718 1873 Angriff des Königs Friedrich II. von Preußen. Die übrigen
418 1858 1719 1918 Feinde Oſterreichs (Bayern, Frankreich, Spanien). Schlechter Ʒuſtand des
419 1909 1067 1957 öſterreichiſchen Heeres. Geldmangel.
477 1676 1722 1732 Maria Thereſia. Jhre Erʒiehung. Vermählung mit dem Herʒoge
419 1721 1722 1777 Franʒ von Lothringen. Thronbeſteigung Maria Thereſias
419 1768 855 1817 1740. Bartenſtein.
844 1433 1295 1487 Ʒur Wiederholung:
294 770 421 811 Frieden
303 810 421 845 von
294 841 421 882 Paſſaro⸗
296 879 421 919 witʒ.
302 1034 416 1071 Tod
301 1069 416 1105 Eugens
301 1103 416 1143 1736).
471 779 1733 839 Jnfolge dieſes glänʒenden Sieges mußte die Türkei im Frieden ʒu
425 828 1733 889 Paſſarowitʒ (ſpr. Paſcharowitʒ) neuerdings ausgedehnte Gebiete an
424 874 1732 941 Oſterreich abtreten, nämlich das Banat, einen Teil Bosniens, der
423 933 1731 996 ſpäter wieder verloren ging und erſt in unſern Tagen wieder mit Oſter⸗
423 984 1730 1049 reich vereinigt wurde, und ſogar große Teile der heutigen Königreiche
423 1031 1730 1100 Serbien und Rumänien. Nach einem ruhmvollen Leben, wie es
422 1090 1729 1153 wenig Sterblichen ʒu teil geworden iſt, ſtarb der Prinʒ im Jahre 1736,
422 1142 1728 1203 tiefbetrauert von ſeinem dankbaren Monarchen, aber auch von dem
421 1193 1727 1255 ganʒen öſterreichiſchen Volke. Kaiſer Franʒ Joſef I. hat dem „Ritter
421 1247 1727 1308 ohne Furcht und Tadel‟ auf dem Platʒe vor der Hofburg ʒu Wien
420 1297 1726 1360 (durch den Bildhauer Fernkorn) ein herrliches Reiterdenkmal
420 1353 742 1409 errichten laſſen.
415 305 1731 371 das befeſtigte Lager des Entſatʒheeres an und erfocht einen
415 357 1731 422 glänʒenden Sieg. Einige Tage ſpäter ergab ſich auch die
415 405 1731 476 Feſtung Belgrad. Unter den vielen Siegen, die der Prinʒ erfochten
415 463 1731 527 hat, iſt der bei Belgrad der berühmteſte. Noch heute ſingt man
415 516 1731 577 das damals entſtandene Soldatenlied von „Prinʒ Eugenius, dem
416 568 1731 632 edlen Ritter‟, der die „Brücke (über die Donau) ſchlagen‟ ließ,
416 619 1731 681 um dem Kaiſer „Stadt und Veſtung Belgarad‟ ʒurückʒuerobern; noch
416 665 1731 736 heute ertönt beim Marſche der öſterreichiſchen Reiterei die gleichfalls
416 725 1492 777 altertümliche Weiſe, nach der das Lied geſungen wurde.
