1861 2816
1442 2062 1572 2101 Fehlen
1443 2100 1558 2135 der
1443 2133 1573 2171 Straßen⸗
1443 2168 1574 2206 beleuch⸗
1443 2203 1563 2242 tung.
1443 2269 1576 2309 Unſicher⸗
1443 2307 1560 2343 heit.
142 293 1451 358 die Stadt angelegt wurde. Weil ſomit innerhalb der Stadtmauern
142 347 1451 410 mit dem verfügbaren Raume geſpart werden mußte, ſo waren die
142 397 1451 462 Plätʒe klein, die Gaſſen eng, wie man dies noch heute an den
142 451 1451 513 älteſten Stadtteilen von Wien, Prag und anderen Städten ſehen
142 502 1451 565 kann (Fig. 15). Die Häuſer ſtellte man aus gleichem Grunde ge⸗
142 555 630 618 wöhnlich ſo, daß ſie der
142 605 582 668 Gaſſe ihre ſchmale Seite
142 657 582 721 (die Giebelſeite) ʒuwen⸗
142 708 582 773 deten (vgl. Fig. 15).
142 758 581 825 Um möglichſt viel Licht
142 816 581 873 ʒu gewinnen, baute man
142 869 581 928 auch wohl die Häuſer
142 914 580 978 ſo, daß ſie mit einer
141 967 580 1033 Ecke in die Gaſſe vor⸗
141 1014 579 1082 ſprangen, wodurch die
141 1072 579 1137 Gaſſen winkelig (ʒickʒack⸗
141 1120 579 1188 förmig) wurden; auch
141 1176 578 1238 dieſe winkeligen
141 1226 578 1291 Gaſſen haben ſich hie
141 1280 578 1344 und da noch erhalten.
141 1329 577 1395 Die Häuſer waren auch
141 1382 577 1447 in den Städten oft nur
141 1437 577 1500 aus Holʒ gebaut; noch
141 1485 576 1547 häufiger waren ſoge⸗
141 1542 576 1600 nannte Fach⸗ oder Rie⸗
141 1590 576 1652 gelbauten. ) Bei alle dem
140 1643 575 1706 gab es in den Häuſern
140 1688 575 1758 reicher Bürger mitunter
140 1743 575 1811 ſehr geräumige Höfe
140 1797 574 1861 (vgl. Fig. 16), weil man
140 1850 574 1914 einen Raum brauchte,
140 1903 574 1966 wo Waren auf⸗ und ab⸗
140 1954 573 2011 geladen werden konnten.
140 2006 573 2071 Straßenbeleuchtung
140 2063 607 2115 war in den Städten
140 2109 1442 2175 des Mittelalters faſt durchweg unbekannt; wer ʒur Nachtʒeit das Haus
140 2163 1442 2226 verließ, mußte, wenn nicht gerade Vollmond war, eine Fackel oder
140 2213 1442 2276 ſonſt ein Licht mitnehmen. Es war daher auch ʒiemlich gefährlich,
140 2265 1441 2331 ſich ʒur Nachtʒeit auf die Gaſſe ʒu wagen; nächtliche Uberfälle, Raub⸗
140 2320 1441 2379 und Mordtaten waren häufiger als heutʒutage. Auch waren die
211 2398 1295 2452 *) Jn Fig. 15 ſind faſt alle abgebildeten Häuſer ſolche Riegelbauten.
193 2448 1154 2496 Tupetʒ, Bilder aus der Geſchichte für Knabenbürgerſchulen. II. 2. Aufl.
1374 202 1462 248 45
789 2011 1315 2055 Fig. 14. Ein mittelalterliches Stadttor.
