1872 2786
579 610 1162 663 A. Das Staatsoberhaupt.
1463 2411 1541 2456 10*
266 1194 1573 1255 Von den österreichischen Orden sind der höchste, der des Goldenen
200 1234 1574 1302 Vlieses, und der militärische Maria Theresia-Orden bereits genannt worden
200 1279 1575 1348 (sieh Seite 45). Der höchste ungarische Orden ist der St. Stephans-
200 1325 1577 1390 Orden (an dem ungarischen Wappen, einem weißen Doppelkreuze in
200 1368 1578 1433 rotem Felde kenntlich). Andere Orden sind der Leopolds-Orden, der
200 1413 1579 1478 Orden der Eisernen Krone, der Franz Josefs-Orden, der Elisabeth-Orden
200 1458 1581 1522 und der Sternkreuz-Orden, welcher an Damen des hohen Adels verliehen wird.
250 657 1564 724 Das Oberhaupt des Staates ist Se. Majestät der Kaiser
188 707 1565 776 von Osterreich, König von Böhmen etc. und apostolischer
189 760 1566 836 König von Ungarn. Die Person des Monarchen ist geheiligt und
191 813 1567 884 unverletzlich. Der Kaiser entscheidet als oberster Kriegsherr über
192 867 1568 944 Krieg und Frieden und schließt Bündnisse und Verträge mit aus-
193 920 1569 995 wärtigen Mächten. Kein Gesetz ist gültig, ehe es der Kaiser durch
195 971 1571 1043 seine Unterschrift bestätigt (sanktioniert) hat. In Seinem Namen
196 1026 1572 1098 wird Recht gesprochen und Ihm steht es zu, Verurteilte ganz oder
197 1077 1573 1152 teilweise zu begnadigen. Die Münzen tragen Sein Bildnis. Er ver-
198 1142 1206 1207 leiht Titel, Orden und andere Auszeichnungen.
266 1580 1581 1650 Die Regierung des Reiches führt der Kaiser nach dem Rate
212 1633 1582 1702 seiner Minister, welche daher die Erlässe des Kaisers mitunter-
211 1684 1583 1759 zeichnen (gegenzeichnen) und für diese verantwortlich sind. Bei
211 1741 1584 1808 drei Ministern erstreckt sich die Wirksamkeit auf die gesamte
210 1792 1585 1862 Monarchie: es sind dies der Minister des Außern, der Reichs-
210 1852 1303 1920 kriegsminister und der Reichsfinanzminister.
523 1537 1257 1586 B. Die Regierung des Reiches.
278 1902 1590 1967 Dem Ministerium des Außern (mit dem vollständigen Titel:
213 1950 1592 2014 Ministerium des k. und k. Hauses und des Außern) unterstehen die Botschaften
215 1996 1594 2058 und Gesandtschaften an fremden Höfen und die zur Förderung des öster-
216 2040 1596 2102 reichischen Handels an auswärtigen Handelsplätzen eingesetzten „Konsuln‟.
285 2182 1593 2236 Der Reichsfinanzminister verwaltet die für die gemeinsamen
219 2220 1594 2285 Ausgaben beider Reichshälften bestimmten Gelder, wozu namentlich auch
221 2264 1596 2328 die Zolleinnahmen gehören, und die gemeinsame Staatsschuld. Ihm untersteht
222 2312 1331 2372 auch die Landesverwaltung von Bosnien und Herzegowina.
287 2085 1588 2147 Dem Reiehskriegsministerium obliegt die Fürsorge für das
219 2137 1068 2195 gesamte stehende Heer und die Kriegsflotte.
188 264 1560 335 welche nach außen ein Ganzes bildet, bezüglich der Gesetzgebung
187 316 1562 396 und Regierung aber in zwei Reichshälften zerfällt. Da diese beiden
186 369 1563 444 Reichshälften außer der Person des Monarchen auch Heer und
186 425 1565 497 Flotte und einen Teil des Finanzwesens gemeinsam haben, so
185 476 1566 549 sind sie nicht bloß durch Personal-Union (wie die Königreiche
185 530 1568 603 Schweden und Norwegen), sondern durch Real-Union verbunden
324 2361 1594 2426 Außerdem gibt es seit dem Bestande des Dualismus ein be-
1451 152 1552 208 147
