1861 2816
281 1303 387 1343 Flucht
281 1341 387 1378 Napo⸗
281 1375 387 1411 leons.
273 883 396 926 über⸗
273 926 396 961 gang
273 959 396 995 über die
273 994 396 1032 Bereſina.
273 1939 390 1977 Ʒahl der
273 1975 390 2011 Toten.
278 1571 391 1611 Die
268 1606 391 1646 Reſte der
268 1644 391 1682 großen
268 1680 391 1716 Armee.
402 317 1702 380 dieſes ſo furchtbare Verluſte, wie ſie nie ʒuvor in der Weltgeſchichte
402 370 1702 432 vorgekommen ſind. Die Leiden der franʒöſiſchen Soldaten auf dem
402 421 1702 484 Rückʒuge ſpotten jeder Schilderung. Die Kälte ſtieg ʒuletʒt auf 270
401 474 1702 534 unter Null. Die ſchlecht gekleideten Franʒoſen verhungerten und
401 526 1702 586 erfroren ʒu Tauſenden, obgleich ihnen jede Art von Kleidung recht
401 577 1702 637 war, um ſich einʒuhüllen; ſo ſah man Küraſſiere in Weiberröcke ein⸗
401 629 1702 688 gehüllt, Soldaten, die ihre Hände und Füße mit Stroh und Lumpen
401 680 1702 741 umwickelt hatten. Wenn ein Wachtfeuer angeʒündet wurde, drängten
400 732 1702 793 ſich die Unglücklichen mit ſolcher Gier hinʒu, daß ſie ſich verbrannten;
400 784 1702 845 ja es ſoll vorgekommen ſein, daß ein Soldat den anderen ermordete,
400 836 1702 897 um deſſen Platʒ am Feuer ʒu erhalten. Am ſchrecklichſten
400 881 1702 948 wurde es, als die Franʒoſen ſich anſchickten, die Bereſina, einen
399 940 1702 1001 Nebenfluß des Dniepr, ʒu überſchreiten. Auf Napoleons Befehl waren
399 992 1702 1053 über die Bereſina ʒwei Brücken geſchlagen worden, aber da die Ruſſen
399 1043 1702 1104 während des überganges angriffen, ſo ſtürʒten ſich viele in den
399 1089 1702 1157 Fluß, ʒwiſchen deſſen Eisſchollen ſie untergingen. Furchtbar wurde
398 1147 1702 1207 das Gedränge, als die eine Brücke einſtürʒte und nun alles ſich über
398 1199 1702 1262 die ʒweite Brücke ʒu retten ſuchte. Unʒählige wurden erdrückt und
398 1244 1702 1313 ʒertreten. Von da an war das franʒöſiſche Heer ſo gut wie ver⸗
398 1304 1702 1364 nichtet. Auch Napoleon gab nun alles verloren; ſtatt bei ſeinem un⸗
397 1353 1702 1417 glücklichen Heere ausʒuhalten, beſtieg er einen Schlitten und begab
397 1401 1702 1469 ſich in eiliger Fahrt durch Deutſchland nach Frankreich ʒurück, um
397 1460 1702 1521 einem daſelbſt drohenden Aufſtande entgegenʒutreten und ein neues
397 1511 1702 1572 Heer ausʒuheben. Die von ihrem Feldherrn im Stiche gelaſſenen
396 1562 1702 1625 Truppen ſchleppten ſich, ſo gut es ging, weiter; aber nur etwa 500
396 1616 1702 1676 Mann von der ganʒen „großen Armee‟ hielten noch einen geordneten
396 1668 1702 1730 Einʒug in der erſten deutſchen Stadt, die ſie erreichten, in Königs⸗
396 1717 1702 1783 berg. Die übrigen kamen, einʒeln oder in kleinen Häuflein, hinkend
395 1772 1702 1833 und in Lumpen gehüllt, gleich Bettlern und flehten um eine warme
395 1817 1702 1884 Stube und um Nahrung. Sie verſchlangen mit Gier, was mitleidige
395 1876 1702 1938 Menſchen ihnen gaben, ſtarben aber oft daran, weil ſie die Nahrung
395 1928 1702 1990 nicht mehr vertragen konnten. Die Ʒahl der Leichen, welche in Ruß⸗
394 1981 1702 2040 land beerdigt wurden, wird auf eine Viertelmillion geſchätʒt; aber
394 2029 1702 2094 auch jene, die nach Deutſchland und Frankreich ʒurückehrten, trugen
394 2078 1702 2147 meiſt ſchon den Keim des Todes in ſich und ſtarben bald darauf. Jeder⸗
394 2136 1702 2197 mann ſah in dem furchtbaren Unglück ein Strafgericht Gottes;
393 2189 1702 2250 „mit Mann und Roß und Wagen, ſo hat ſie Gott geſchlagen‟, ſang
393 2239 1702 2302 man damals auf den Gaſſen. Der übermütige, den keine irdiſche
393 2293 1702 2354 Macht ʒur Verantwortung ʒiehen konnte, war den furchtbaren und un⸗
393 2346 1211 2406 berechenbaren Gewalten der Natur erlegen.
394 207 488 255 114
266 2097 391 2134 Eindruck
266 2132 391 2169 auf die
274 2167 391 2206 Ʒeit⸗
266 2203 391 2242 genoſſen.
