1861 2816
449 1811 1703 1877 Oſterreichs Freiheitskampf 180ꝰ. Vorbereitungen ʒum Kriege. Erʒ-
392 1855 1444 1909 herʒog Karl als Kriegsminiſter. Errichtung der Landwehr.
452 1541 1698 1598 Napoleon I. Die große franʒöſiſche Revolution 178ꝰ.
392 1586 1698 1644 Herkunft Napoleons. Napoleon als Kaiſer von Frankreich. Sein
392 1632 1698 1685 Streben nach der Weltherrſchaft. Untergang des Deutſchen
392 1676 1698 1728 Reiches durch Napoleon. Sein Verfahren gegen die deutſchen Fürſten.
392 1719 1698 1770 Niederlegung des deutſchen Kaiſertitels durch Kaiſer Franʒ II. 1806. Ent⸗
392 1761 1395 1805 ſtehung des Titels „Kaiſer von Oſterreich‟ (1804).
454 2013 1707 2061 Eroberung Wiens durch Napoleon I. Napoleons Ubergang über
395 2048 1707 2108 die Donau. Erſter Tag der Schlacht bei Aſpern (21. Mai). Ʒweiter
395 2094 649 2144 Schlachttag.
456 1915 1705 1969 Oſterreichs Kriegserklärung. Begeiſterung für den Krieg. Rückʒug der
395 1945 1486 2007 Oſterreicher. Der Heldenkampf bei Ebelsberg. (Radetʒky. )
403 298 1699 362 kann! ‟ Dieſe Bittſchrift machte tiefen Eindruck auf den Kaiſer und
403 352 1699 414 beſtärkte ihn in dem Vorſatʒe, die Leibeigenſchaft ſobald als möglich
402 403 1699 465 aufʒuheben. Schon unter Maria Thereſia wurden mit Ʒuſtimmung
402 455 1699 516 Joſefs II. einige Geſetʒe ʒum Wohle der Bauern erlaſſen; es wurden
401 507 1699 568 ʒ. B. Beamte eingeſetʒt, die Kreishauptleute, welche den Auftrag
401 559 1699 620 erhielten, die Bauern gegen ungerechte Behandlung von Seite ihrer
400 610 1699 672 Gutsherren in Schutʒ ʒu nehmen, es wurde den Bauern geſtattet,
400 662 1699 725 ſich von der Leibeigenſchaft durch eine Summe Geldes losʒukaufen u. a.
399 714 1699 777 Aber ganʒ half dies doch nicht. Als Joſef II. Alleinherrſcher
399 766 1699 827 wurde, war daher eine ſeiner erſten Regierungshandlungen, daß er die
398 817 1699 878 Leibeigenſchaft aufhob (1781). Damit wurde der Ʒuſtand des Bauern⸗
398 869 1699 932 ſtandes im weſentlichen derſelbe, wie er noch heute iſt; nur die Fron⸗
397 921 1699 983 dienſte blieben ʒum Teil, wurden aber vermindert und genau geregelt,
397 973 1699 1035 damit kein Gutsherr von den Bauern mehr verlangen könne, als ihm
396 1025 1699 1088 ʒukam. (Unter Kaiſer Ferdinand I. dem Gütigen und dem gegenwärtig
396 1072 1699 1138 regierenden Monarchen, Sr. Majeſtät dem Kaiſer Franʒ Joſef I., wurden
396 1121 1595 1181 die Frondienſte ebenfalls nach und nach aufgehoben. )
273 659 397 700 Auf⸗
265 696 397 734 hebung
265 731 397 767 der Leib⸗
265 766 397 802 eigen⸗
270 799 397 835 ſchaft
265 832 397 874 (1781).
392 197 487 246 106
264 299 400 338 Wohl⸗
264 335 400 371 tätige
268 370 400 406 Maß⸗
265 405 400 441 regeln
282 439 400 474 der
264 471 400 509 Kaiſerin
264 507 400 543 Maria
264 538 400 581 Thereſia.
831 1473 1283 1530 Ʒur Wiederholung:
449 1185 1703 1242 Mit Recht wird daher das Andenken Joſefs II. beſonders von dem
390 1231 1703 1295 Bauernſtande noch heute hochgeehrt; einen Beweis dafür geben unter
390 1277 1703 1346 anderem die ʒahlloſen Kaiſer Joſef⸗Denkmäler, welche ʒum An⸗
390 1335 1703 1398 denken an den großen Volkskaiſer in allen Teilen der öſterreichiſchen
390 1387 1043 1447 Monarchie errichtet worden ſind.
848 2158 1235 2218 23. Andreas hofer.
282 2226 391 2265 Los⸗
260 2263 391 2300 reißung
265 2298 391 2336 Tirols
283 2335 391 2369 von
271 2365 391 2406 Oſter⸗
274 2403 391 2442 reich.
452 2226 1698 2290 Als Napoleon Kaiſer der Franʒoſen war und in ſeinem übermute
395 2281 1698 2343 nach Belieben die Länder Europas ʒerſtückelte, um die losgetrennten
395 2328 1698 2393 Gebiete entweder für ſich ſelbſt ʒu behalten oder an ſeine Verwandten
395 2386 1698 2448 und Anhänger ʒu verſchenken, riß er nach einem blutigen, für ihn ſieg⸗
